@online{cities_sleep,
    author    = "Nate Silver",
    title     = "Which Cities Sleep In, And Which Get To Work Early",
    url       = "http://fivethirtyeight.com/datalab/which-cities-sleep-in-and-which-get-to-work-early/",
    date      = {2014-04-22},
    keywords  = "metro areas,sleep"
}

@online{mta_subway_data,
    author    = "MTA",
    title     = "The Ten Busiest Subway Stations 2014",
    url       = "http://web.mta.info/nyct/facts/ffsubway.htm",
    date      = {2015-10-17},
    keywords  = "NYC subway, statistics"
}



@online{so_sort_group_aggregate,
    author    = "Stackoverflow",
    title     = "Pandas sort by group aggregate and column",
    url       = "http://stackoverflow.com/questions/14941366/pandas-sort-by-group-aggregate-and-column",
    date      = {2013-02-18},
    keywords  = "stackoverflow, pandas, sorting"
}

@online{wiki_mercator,
    author    = "Wikipedia",
    title     = "Mercator projection",
    url       = "https://en.wikipedia.org/wiki/Mercator_projection",
    date      = {2015-10-17},
    keywords  = "wikipedia, mercator"
}

@online{wiki_mwu,
    author    = "Wikipedia",
    title     = "Mann–Whitney U test",
    url       = "https://en.wikipedia.org/wiki/Mann–Whitney_U_test",
    date      = {2015-10-17},
    keywords  = "wikipedia, mann-whitney, statistical tests"
}

@online{so_color_voronoi,
    author    = "Stackoverflow",
    title     = "Colorize Voronoi Diagram",
    url       = "http://stackoverflow.com/questions/20515554/colorize-voronoi-diagram",
    date      = {2013-12-11},
    keywords  = "stackoverflow, voronoi"
}


@online{google_sperical_proj,
    author    = "Alastair Aitchison",
    title     = "The Google Maps / Bing Maps Spherical Mercator Projection",
    url       = "https://alastaira.wordpress.com/2011/01/23/the-google-maps-bing-maps-spherical-mercator-projection",
    date      = {2011-01-23},
    keywords  = "google maps, spherical projection"
}

@Book{anthony2015mastering,
 author = {Anthony, Femi},
 title = {Mastering pandas : master the features and capabilities of pandas, a data analysis toolkit for Python},
 publisher = {Packt Publishing},
 year = {2015},
 address = {Birmingham, UK},
 isbn = {9781783981960}
 }
 
 @Book{mckinney2013python,
 author = {McKinney, Wes},
 title = {Python for data analysis},
 publisher = {O'Reilly},
 year = {2013},
 address = {Sebastopol, Calif},
 isbn = {9781449319793}
 }
 
 @Book{rossant2013learning,
 author = {Rossant, Cyrille},
 title = {Learning IPython for interactive computing and data visualization},
 publisher = {Packt Publishing},
 year = {2013},
 address = {Birmingham, UK},
 isbn = {9781782169932}
 }
 

 
 @online{mannwhitney_spss,
    author    = "Laerd Statistics",
    title     = "Mann-Whitney U test in SPSS",
    url       = "https://statistics.laerd.com/premium-sample/mwut/mann-whitney-test-in-spss-2.php",
    date      = {2015-10-17},
    keywords  = "SPSS, statistics, Mann-Whitney U Test"
}



 @online{good_residues,
    author    = "Engineering Statistics Handbook",
    title     = "Are the model residuals well-behaved?",
    url       = "http://www.itl.nist.gov/div898/handbook/pri/section2/pri24.htm",
    date      = {2015-10-17},
    keywords  = "residues, statistics"
}

